<record xmlns="http://www.loc.gov/MARC21/slim" xmlns:xsi="http://www.w3.org/2001/XMLSchema-instance" xsi:schemaLocation="http://www.loc.gov/MARC21/slim http://www.loc.gov/standards/marcxml/schema/MARC21slim.xsd"><leader>     nam a22        4500</leader><controlfield tag="001">3079717</controlfield><controlfield tag="003">NNC</controlfield><controlfield tag="006">m        d        </controlfield><controlfield tag="007">cr cn |||m|||a</controlfield><controlfield tag="008">150601s1956    sy      o     000 0 ara d</controlfield><datafield ind1=" " ind2=" " tag="040"><subfield code="a">NNU</subfield><subfield code="b">eng</subfield><subfield code="e">rda</subfield><subfield code="c">NNU</subfield></datafield><datafield ind1="1" ind2=" " tag="100"><subfield code="6">880-01</subfield><subfield code="a">Maudoodi, Syed Abul &#699;Ala,</subfield><subfield code="d">1903-1979.</subfield></datafield><datafield ind1="1" ind2="0" tag="245"><subfield code="6">880-02</subfield><subfield code="a">Wa&#772;qi&#699; al-Muslimi&#772;n wasabi&#772;l al-nuhu&#772;d&#803; bihim /</subfield><subfield code="c">[allafahu] Abu&#772; al-A&#699;la&#769; al-Mwadu&#772;di&#772;.</subfield></datafield><datafield ind1=" " ind2=" " tag="260"><subfield code="6">880-03</subfield><subfield code="a">Dimashq :</subfield><subfield code="b">Maktabat al-Shaba&#772;b al-Muslim,</subfield><subfield code="c">[1956]</subfield></datafield><datafield ind1=" " ind2=" " tag="300"><subfield code="a">online resource (62 pages.)</subfield></datafield><datafield ind1=" " ind2=" " tag="336"><subfield code="a">text</subfield><subfield code="2">rdacontent</subfield></datafield><datafield ind1=" " ind2=" " tag="337"><subfield code="a">computer</subfield><subfield code="2">rdamedia</subfield></datafield><datafield ind1=" " ind2=" " tag="338"><subfield code="a">online resource</subfield><subfield code="2">rdacarrier</subfield></datafield><datafield ind1="1" ind2=" " tag="490"><subfield code="6">880-04</subfield><subfield code="a">Dhakha&#772;&#700;ir al-fikr al-Isla&#772;mi&#772;yah ;</subfield><subfield code="v">7</subfield></datafield><datafield ind1=" " ind2=" " tag="500"><subfield code="a">Part of the Arabic Collections Online (ACO) project, contributed by Columbia University Libraries.</subfield></datafield><datafield ind1=" " ind2=" " tag="533"><subfield code="a">Electronic reproduction.</subfield><subfield code="b">New York, N.Y. :</subfield><subfield code="c">New York University,</subfield><subfield code="d">2015.</subfield><subfield code="5">NNU</subfield></datafield><datafield ind1=" " ind2="0" tag="650"><subfield code="a">Islam.</subfield></datafield><datafield ind1=" " ind2="7" tag="650"><subfield code="a">Islam.</subfield><subfield code="2">fast</subfield><subfield code="0">(OCoLC)fst00979776</subfield></datafield><datafield ind1="2" ind2=" " tag="710"><subfield code="a">Columbia University.</subfield><subfield code="b">Libraries.</subfield></datafield><datafield ind1="0" ind2=" " tag="730"><subfield code="a">Arabic Collections Online.</subfield></datafield><datafield ind1="0" ind2="8" tag="776"><subfield code="i">Print version:</subfield><subfield code="a">Maudoodi, Syed Abul &#699;Ala, 1903-1979.</subfield><subfield code="t">Wa&#772;qi&#699; al-Muslimi&#772;n wasabi&#772;l al-nuhu&#772;d&#803; bihim</subfield><subfield code="w">(NNC)3079717</subfield><subfield code="w">(OCoLC)47911876</subfield></datafield><datafield ind1=" " ind2="0" tag="830"><subfield code="6">880-05</subfield><subfield code="a">Dhakha&#772;&#700;ir al-fikr al-Isla&#772;mi&#772;yah ;</subfield><subfield code="v">7.</subfield></datafield><datafield ind1="4" ind2="0" tag="856"><subfield code="u">http://hdl.handle.net/2333.1/r2280jt9</subfield></datafield><datafield ind1="1" ind2=" " tag="880"><subfield code="6">100-01/r</subfield><subfield code="a">&#1605;&#1608;&#1583;&#1608;&#1583;&#1610;&#1548; &#1587;&#1610;&#1583; &#1575;&#1576;&#1608; &#1575;&#1604;&#1571; &#1593;&#1604;&#1609;&#1548;</subfield><subfield code="d">1903-1979.</subfield></datafield><datafield ind1="1" ind2="0" tag="880"><subfield code="6">245-02/r</subfield><subfield code="a">&#1608;&#1575;&#1602;&#1593; &#1575;&#1604;&#1605;&#1587;&#1604;&#1610;&#1606; &#1608;&#1587;&#1576;&#1610;&#1604; &#1575;&#1604;&#1606;&#1607;&#1608;&#1590; &#1576;&#1607;&#1605; /</subfield><subfield code="c">[&#1575;&#1604;&#1601;&#1607;] &#1575;&#1576;&#1608; &#1575;&#1604;&#1571;&#1593;&#1604;&#1609; &#1575;&#1604;&#1605;&#1608;&#1583;&#1608;&#1583;&#1610;.</subfield></datafield><datafield ind1=" " ind2=" " tag="880"><subfield code="6">260-03/r</subfield><subfield code="a">&#1583;&#1605;&#1588;&#1602; :</subfield><subfield code="b">&#1605;&#1603;&#1578;&#1576;&#1577; &#1575;&#1604;&#1588;&#1576;&#1575;&#1576; &#1575;&#1604;&#1605;&#1587;&#1604;&#1605;&#1548;</subfield><subfield code="c">[1956]</subfield></datafield><datafield ind1="1" ind2=" " tag="880"><subfield code="6">490-04/r</subfield><subfield code="a">&#1584;&#1582;&#1575;&#1574;&#1585; &#1575;&#1604;&#1601;&#1603;&#1585; &#1575;&#1604;&#1575;&#1587;&#1604;&#1575;&#1605;&#1610;&#1577; &#1563;</subfield><subfield code="v">7</subfield></datafield><datafield ind1=" " ind2="0" tag="880"><subfield code="6">830-05/r</subfield><subfield code="a">&#1584;&#1582;&#1575;&#1574;&#1585; &#1575;&#1604;&#1601;&#1603;&#1585; &#1575;&#1604;&#1575;&#1587;&#1604;&#1575;&#1605;&#1610;&#1577; &#1563;</subfield><subfield code="v">7.</subfield></datafield><datafield ind1=" " ind2=" " tag="959"><subfield code="a">NNU</subfield><subfield code="b">WEB</subfield><subfield code="c">GENI</subfield><subfield code="t">0</subfield><subfield code="m">Electronic access</subfield><subfield code="s">01</subfield></datafield><datafield ind1=" " ind2=" " tag="999"><subfield code="i">NNC_3079717</subfield><subfield code="o">(OCoLC)ocm47911876</subfield><subfield code="s">columbia_aco000504</subfield><subfield code="e">(ERROR-880)</subfield><subfield code="s">columbia_aco000504</subfield></datafield></record>